Automatically generated by Mendeley Desktop 1.19.8
Any changes to this file will be lost if it is regenerated by Mendeley.

BibTeX export options can be customized via Options -> BibTeX in Mendeley Desktop

@book{INTI-CIRSOC2005,
address = {Buenos Aires},
author = {{INTI- CIRSOC}},
pages = {666},
title = {{Reglamento CIRSOC 201}},
url = {http://contenidos.inpres.gob.ar/docs/Reglamentos/CIRSOC-201-Reglamento.pdf},
year = {2005}
}
